<record><leader>00000cas a22000007a 4500</leader><controlfield tag="001">12899606</controlfield><controlfield tag="008">851212d19231934pauwr ne      0    0eng d</controlfield><datafield ind1=" " ind2=" " tag="010"><subfield code="a">sn 85055278 </subfield></datafield><datafield ind1=" " ind2=" " tag="040"><subfield code="a">NPH</subfield><subfield code="b">eng</subfield><subfield code="c">NPH</subfield><subfield code="d">DLC</subfield><subfield code="d">OCLCQ</subfield></datafield><datafield ind1=" " ind2=" " tag="042"><subfield code="a">msc</subfield></datafield><datafield ind1="0" ind2="0" tag="245"><subfield code="a">Commercial list and maritime register.</subfield></datafield><datafield ind1=" " ind2=" " tag="260"><subfield code="a">Philadelphia [Pa.] :</subfield><subfield code="b">Commercial List Pub. Co.</subfield></datafield><datafield ind1=" " ind2=" " tag="300"><subfield code="a">v. :</subfield><subfield code="b">ill. (chiefly advertisements)</subfield></datafield><datafield ind1=" " ind2=" " tag="310"><subfield code="a">Weekly</subfield></datafield><datafield ind1="1" ind2=" " tag="362"><subfield code="a">Began Jan. 1, 1923; ceased in 1934.</subfield><subfield code="z">Cf. Checklist of Pa. newspapers.</subfield></datafield><datafield ind1=" " ind2=" " tag="588"><subfield code="a">Description based on: Vol. 97, no. 1 (Jan. 5, 1924) = Whole no. 5009.</subfield></datafield><datafield ind1=" " ind2=" " tag="752"><subfield code="a">United States</subfield><subfield code="b">Pennsylvania</subfield><subfield code="c">Philadelphia</subfield><subfield code="d">Philadelphia.</subfield></datafield><datafield ind1="0" ind2="0" tag="780"><subfield code="t">Philadelphia commercial list and price current (Philadelphia, Pa. : 1873)</subfield><subfield code="w">(DLC)sn 86072105</subfield></datafield></record>